
@book{DeciRyan,
	title={Self-Determination Theory},
	author={Richard M. Ryan and Edward L. Deci},
	year={2017},
	volume={1},
	publisher={The Guilford Press},
	address={370 Seventh Avenue, Suite 1200, New York, NY 10001},
	ISBN={978-1-4625-2876-9}
}

@online{embroker,
	author = {Embroker},
	title = {Costs of Cybercrime},
	year = {2022},
	url = {https://www.embroker.com/blog/cyber-attack-statistics/},
	urldate = {2022-11-21}
}

@online{OWASP,
	author = {OWASP},
	title = {Top 10 Web Application Security Risks},
	year = {2021},
	url = {https://owasp.org/www-project-top-ten/},
	urldate = {2022-11-10}
}

@article{PWK,
	title={Penetration Testing with Kali Linux},
	author={Mati Aharoni and Offensive-Security},
	year={2015},
}

@inproceedings{Vigna,
	author = {Vigna, Giovanni},
	year = {2003},
	month = {01},
	pages = {3-18},
	title = {Teaching Network Security Through Live Exercises.},
	isbn = {978-1-4757-6491-8}
}

@book{kaffka20223d,
	title={3D-Druck: Praxisbuch f{\"u}r Einsteiger. Modellieren | Scannen | Drucken | Veredeln},
	author={Kaffka, T.},
	isbn={9783747505342},
	series={mitp Professional},
	url={https://books.google.at/books?id=5DRuEAAAQBAJ},
	year={2022},
	publisher={mitp Verlags GmbH \& Company KG}
}

@online{3ds
	author = {3ds},
	title = {3D-Druck},
	year = {2024},
	url = {https://www.3ds.com/de/make/guide/process/3d-printing},
	urldate = {2024-07-19}
	
}


